@article{Heffernan2004,
  title = {A Conditional Approach for Multivariate Extreme Values (with Discussion)},
  volume = {66},
  ISSN = {1467-9868},
  url = {http://dx.doi.org/10.1111/j.1467-9868.2004.02050.x},
  DOI = {10.1111/j.1467-9868.2004.02050.x},
  number = {3},
  journal = {Journal of the Royal Statistical Society Series B: Statistical Methodology},
  publisher = {Oxford University Press (OUP)},
  author = {Heffernan,  Janet E. and Tawn,  Jonathan A.},
  year = {2004},
  month = jul,
  pages = {497–546}
}

@article{Keef2013,
  title = {Estimation of the conditional distribution of a multivariate variable given that one of its components is large: Additional constraints for the Heffernan and Tawn model},
  volume = {115},
  ISSN = {0047-259X},
  url = {http://dx.doi.org/10.1016/j.jmva.2012.10.012},
  DOI = {10.1016/j.jmva.2012.10.012},
  journal = {Journal of Multivariate Analysis},
  publisher = {Elsevier BV},
  author = {Keef,  Caroline and Papastathopoulos,  Ioannis and Tawn,  Jonathan A.},
  year = {2013},
  month = mar,
  pages = {396–404}
}
